@online{Siemens2021,
  author = {Folkert Siemens},
  month  = jun,
  title  = {{So schneiden Sie Flieder richtig}},
  year   = {2021},
  url    = {https://www.mein-schoener-garten.de/gartenpraxis/ziergaerten/flieder-schneiden-29981},
}

@Book{Don2021,
  author    = {Monty Don},
  publisher = {Dorling Kindersley Verlag GmbH},
  title     = {{Genial G채rtnern}},
  year      = {2021},
  isbn      = {978-3-8310-4311-8},
}

@Book{Heberer2018,
  author    = {Katharina Heberer},
  publisher = {Eugen Ulmer KG},
  title     = {{Das Manufactum Gartenjahr}},
  year      = {2018},
  isbn      = {978-3-8186-0007-5},
}

@Book{Stangl1995,
  author    = {Martin Stangl},
  publisher = {BLV},
  title     = {{Mein Hobby -- der Garten}},
  year      = {1995},
  edition   = {11},
  isbn      = {3-405-12891-9},
}

@Book{Seymour1978,
  author    = {John Seymour},
  publisher = {Otto Maier Verlag},
  title     = {{Selbstversorgung aus dem Garten}},
  year      = {1978},
  address   = {Ravensburg},
  isbn      = {3-473-42617-2},
}

@Unpublished{Schwinn2022,
  author   = {Friedrich Schwinn},
  note     = {[Interview]},
  title    = {{Gartengespr채che in R체gersgr체n}},
  year     = {2022},
  keywords = {Interview},
}

@Comment{jabref-meta: databaseType:bibtex;}
