@Misc{Siemens2021,
  author = {Folkert Siemens},
  month  = jun,
  title  = {{So schneiden Sie Flieder richtig}},
  year   = {2021},
  url    = {https://www.mein-schoener-garten.de/gartenpraxis/ziergaerten/flieder-schneiden-29981},
}

@Comment{jabref-meta: databaseType:bibtex;}
